@misc{xxx,
   title="{}",
   howpublished={\newline \url{}\EatDot}
   }

@misc{easybuild-repo,
   title="{EasyBuild official repository of configuration files}",
   howpublished={\newline \url{https://github.com/easybuilders/easybuild-easyconfigs}\EatDot}
   }

@misc{open-source-config,
   title="{Comparison of open-source configuration management software}",
   howpublished={\newline \url{https://en.wikipedia.org/wiki/Comparison_of_open-source_configuration_management_software}\EatDot}
   }
   
@misc{influxdb,
   title="{InfluxDB Time Series Database}",
   howpublished={\newline \url{https://www.influxdata.com/time-series-database/}\EatDot}
   }

@misc{prometheus,
   title="{Prometheus}",
   howpublished={\newline \url{https://prometheus.io/docs/prometheus/latest/storage/}\EatDot}
   }

@misc{fitsm,
   title="{FITSM: A free standard for lightweight ITSM}",
   howpublished={\newline \url{https://www.fitsm.eu/}\EatDot}
   }

@misc{iso2000,
   title="{Information technology â€” Service management}",
   howpublished={\newline \url{https://www.iso.org/standard/70636.html}\EatDot}
   }

@misc{itil,
   title="{ITIL, Information Technology Infrastructure Library}",
   howpublished={\newline \url{https://www.axelos.com/best-practice-solutions/itil}\EatDot}
   }

@misc{itil4,
   title="{ITIL 4}",
   howpublished={\newline \url{https://www.axelos.com/itil-4}\EatDot}
   }   
@misc{nixos,
   title="{NIXOS Linux}",
   howpublished={\newline \url{https://nixos.org/}\EatDot}
   }
   
@misc{lmod,
   title="{Lmod: A New Environment Module System}",
   howpublished={\newline \url{https://lmod.readthedocs.io/en/latest/}\EatDot}
   }

@misc{rrdtool,
   title="{RRD Tool}",
   howpublished={\newline \url{https://oss.oetiker.ch/rrdtool/}\EatDot}
   }

@misc{nagios,
   title="{Nagios}",
   howpublished={\newline \url{https://www.nagios.org/}\EatDot}
   }
@misc{zabbix,
   title="{Zabbix}",
   howpublished={\newline \url{https://www.zabbix.com/}\EatDot}
   }
   
@misc{ganglia,
   title="{Ganglia Monitoring System}",
   howpublished={\newline \url{http://ganglia.sourceforge.net/}\EatDot}
   }

@misc{grafana,
   title="{Grafana: The open observability platform}",
   howpublished={\newline \url{https://grafana.com/}\EatDot}
   }
   
@misc{kibana,
   title="{Kibana visualization of Elasticsearch data}",
   howpublished={\newline \url{https://www.elastic.co/kibana}\EatDot}
   }
   

@misc{elastic,
   title="{Elastic Stack}",
   howpublished={\newline \url{https://www.elastic.co/}\EatDot}
   }

@misc{gentoo-prefix,
   title="{Gentoo Project prefix}",
   howpublished={\newline \url{https://wiki.gentoo.org/wiki/Project:Prefix}\EatDot}
   }
   
@misc{e3dds-del-2,
   title="{E3DDS Project Deliverable 2}",
   howpublished={\newline \url{https://wiki.neic.no/wiki/EISCAT_3D_Data_Solutions#Deliverable_2_On-site_data_processing_simulation}\EatDot}
   }
   
@misc{e3dds-del-4,
   title="{E3DDS Project Deliverable 4}",
   url = {},
   doi = {}
   }
           
@misc{uninett,
   title="{Uninett}",
   howpublished={\newline \url{https://www.uninett.no/en}\EatDot}
   }
  
@misc{nav,
   title="{NAV}",
   howpublished={\newline \url{https://nav.uninett.no/}\EatDot}
   }

@misc{qemu,
   title="{QEMU}",
   howpublished={\newline \url{https://www.qemu.org/}\EatDot}
   }
   
@misc{kvm,
   title="{Kernel-based Virtual Machine (KVM)}",
   howpublished={\newline \url{https://www.linux-kvm.org/page/Main_Page}\EatDot}
   }
   
@misc{xen,
   title="{Xen project}",
   howpublished={\newline \url{https://xenproject.org/}\EatDot}
   }
   
@misc{libvirt,
   title="{libvirt, virtualization, virtualization API.}",
   howpublished={\newline \url{https://libvirt.org/}\EatDot}
   }
   
@misc{torque,
   title="{Terascale Open-source Resource and QUEue Manager (TORQUE)}",
   howpublished={\newline \url{https://en.wikipedia.org/wiki/TORQUE_Resource_Manager}\EatDot}
   }

@misc{htcondor,
   title="{HTCondor}",
   howpublished={\newline \url{https://research.cs.wisc.edu/htcondor/}\EatDot}
   }

@misc{pbs,
   title="{Portable Batch System}",
   howpublished={\newline \url{https://www.chpc.utah.edu/documentation/software/pbs-scheduler.php}\EatDot}
   }

@misc{dhcp,
   title="{Dynamic Host Configuration Protocol}",
   howpublished={\newline \url{https://en.wikipedia.org/wiki/Dynamic_Host_Configuration_Protocol}\EatDot}
   }

@misc{intel-amt,
   title="{Intel Active Management Technology}",
   howpublished={\newline \url{https://www.intel.com/content/www/us/en/architecture-and-technology/intel-active-management-technology.html}\EatDot}
   }

@misc{archlinux,
   title="{ArchLinux}",
   howpublished={\newline \url{https://www.archlinux.org/}\EatDot}
   }
   @misc{rocks,
   title="{ROCKS: Open Source Toolkit for real and virtual clusters}",
   howpublished={\newline \url{https://www.rocksclusters.org/}\EatDot}
   }
   
   @misc{e3dds-del-1-1,
   title="{E3DDS Deliverable 1.1}",
   howpublished={\newline \url{Need a URL here!}\EatDot}
   }
   
   
   @misc{cert-example,
   title="{How to get a Grid certificate}",
   howpublished={\newline \url{https://wiki.physik.uni-bonn.de/computing/UserGuides/index.php/How_to_get_a_grid_certificate}\EatDot}
   }
   

@misc{privileges,
   title="{Principle of least privilege - Wikipedia}",
   howpublished={\newline \url{https://en.wikipedia.org/wiki/Principle_of_least_privilege}\EatDot}
   }
   
@misc{eduteams,
   title="{eduTEAMS}",
   howpublished={\newline \url{https://eduteams.org/}\EatDot}
   }
   
@misc{rsa-token,
   title="{RSA SecurID}",
   howpublished={\newline \url{https://en.wikipedia.org/wiki/RSA_SecurID}\EatDot}
   }

@misc{otp,
   title="{One-time passwords}",
   howpublished={\newline \url{https://en.wikipedia.org/wiki/One-time_password}\EatDot}
   }

@misc{federated-id,
   title="{Federated Identity}",
   howpublished={\newline \url{https://en.wikipedia.org/wiki/Federated_identity}\newline
   \url{https://wso2.com/articles/2018/06/what-is-federated-identity-management/}\EatDot}
   }
   
@misc{jupyter,
   title="{Jupyter Notebooks}",
   howpublished={\newline \url{https://jupyter.org/index.html}\EatDot}
   }
   
@misc{nist-authn,
   title="{NIST Special Publication 800-63B: Digital Identity Guidelines}",
   howpublished={\newline \url{https://pages.nist.gov/800-63-3/sp800-63b.html}\EatDot}
   }
   
@misc{owasp-aai,
   title="{Open Web Application Security Project: Authentication}",
   howpublished={\newline \url{https://cheatsheetseries.owasp.org/cheatsheets/Authentication_Cheat_Sheet.html}\EatDot}
   }

@misc{elixir-aai,
   title="{ELIXIR AAI: Authentication and Authorisation Infrastructure}",
   howpublished={\newline \url{https://elixir-europe.org/services/compute/aai}\EatDot}
   }

@misc{e3ds-md3,
   title="{NeIC E3DS MD-3: Report on how EISCAT\_3D users can get access to adequate computing facilities}",
   howpublished={\newline \url{https://wiki.neic.no/wiki/EISCAT_3D_support#MD-3}\EatDot}
   }

@misc{two-factor,
   title="{Wikipedia: Multi-factor authentication}",
   howpublished={\newline \url{https://en.wikipedia.org/wiki/Multi-factor_authentication}\EatDot}
   }

@misc{nt1-ssh,
   title="{Bastion hosts for NeIC NT1 (requires login)}",
   howpublished={\newline \url{https://wiki.neic.no/int/User_Administration_for_ndgf.org_Hosts#Bastion_and_Deployment_Host}\EatDot}
   }
   
@misc{secure-ssh,
   title="{How Uber, Facebook, and Netflix Do SSH}",
   howpublished={\newline \url{https://gravitational.com/blog/how_uber_netflix_facebook_do_ssh/}\EatDot}
   }
   
@misc{fb-ssh,
   title="{Scalable and secure access with SSH}",
   howpublished={\newline \url{https://engineering.fb.com/security/scalable-and-secure-access-with-ssh/}\EatDot}
   }

@misc{egi-checkin,
   title="{EGI Check-in service}",
   howpublished={\newline \url{https://www.egi.eu/services/check-in/}\EatDot}
   }

@misc{data-transfer-tests,
   title="{E3DDS Data Transfer Tests}",
   howpublished={\newline \url{https://wiki.neic.no/wiki/E3DDS_Data_Transfer_Tests}\EatDot}
   }
   
@misc{dwdm,
   title="{Dense Wavelength Division Multiplexing}",
   howpublished={\newline \url{https://en.wikipedia.org/wiki/Wavelength-division_multiplexing}\EatDot}
   }
   
@misc{amd-epyc,
   title="{Ring Buffer Beam Former node specification}",
   howpublished={\newline R282-Z93 Gigabyte Server System 2xAMD EPYC
7002 \\
AMD EPYC 7742 Processor 64-core 2.25GHz 256MB Cache \\
5 x PCIe4x16 1xM.2 \\
Mellanox MCX516A-CDAT Mellanox NIC 100GbE Dual-Port
QSFP28 PCIe4x16}
   }

@misc{wan-options,
   title="{Wide Are Network options note}",
   howpublished={\newline \url{https://wiki.neic.no/int/E3DDS_WAN_Options_note}\EatDot}
   }
   
@misc{da-design,
   title="{DA Design}",
   howpublished={\newline \url{http://www.da-design.fi/}\EatDot}
   }

@misc{slurm,
   title="{slurm workload manager}",
   howpublished={\newline \url{https://slurm.schedmd.com/overview.html}\EatDot}
   }


   
@misc{logstash,
   title="{Logstash}",
   howpublished={\newline \url{https://www.elastic.co/products/logstash}\EatDot}
   }

@misc{postgresql,
   title="{PostgreSQL}",
   howpublished={\newline \url{https://www.postgresql.org/}\EatDot}
   }
   
@misc{redis,
   title="{Redis}",
   howpublished={\newline \url{https://redis.io/}\EatDot}
   }
   
@misc{spack,
   title="{Spack}",
   howpublished={\newline \url{https://spack.io/}\EatDot}
   }   
   

@misc{easybuild,
   title="{EasyBuild}",
   howpublished={\newline \url{https://easybuilders.github.io/easybuild/}\EatDot }
      }
   
@misc{gitlab,
   title="{GitLab}",
   howpublished={\newline \url{https://about.gitlab.com/}\EatDot}
   }
@misc{cernvmfs,
   title="{CERNVM File System}",
   howpublished={\newline \url{https://cernvm.cern.ch/portal/filesystem}\EatDot}
   }
@misc{openhpc,
   title="{OpenHPC}",
   howpublished={\newline \url{https://openhpc.community}\EatDot}
   }
   
@misc{xcat,
   title="{Extreme Cloud Administration Toolkit}",
   howpublished={\newline \url{https://xcat.org/}\EatDot}
   }

@misc{ansible,
   title="{Red Hat Ansible}",
   howpublished={\newline \url{https://www.ansible.com/}\EatDot}
   }

@misc{ansible-community,
   title="{Ansible Community}",
   howpublished={\newline \url{https://www.ansible.com/}\EatDot}
   }

@misc{ansible-galaxy,
   title="{Ansible Galaxy}",
   howpublished={\newline \url{https://galaxy.ansible.com/}\EatDot}
   }

@misc{puppet,
   title="{Puppet}",
   howpublished={\newline \url{https://puppet.com/}\EatDot}
   }

@misc{puppet-forge,
   title="{Puppet Forge modules}",
   howpublished={\newline \url{https://forge.puppet.com/}\EatDot}
   }

@misc{puppet-osp,
   title="{Open source projects at Puppet}",
   howpublished={\newline \url{https://puppet.com/open-source}\EatDot}
   }

@misc{chef,
   title="{CHEF}",
   howpublished={\newline \url{https://www.chef.io/}\EatDot}
   }

@misc{chef-infra,
   title="{Chef Infra}",
   howpublished={\newline \url{https://github.com/chef/chef/}\EatDot}
   }

@misc{chef-cookbooks,
   title="{Chef Cookbooks}",
   howpublished={\newline \url{https://supermarket.chef.io/cookbooks-directory}\EatDot}
   }

@misc{eiscat-dirac,
   title="{EISCAT DIRAC instructions page}",
   howpublished={\newline \url{https://www.eiscat.se/wp-content/uploads/2019/06/DIRAC-instruction.pdf}\EatDot}
   }
   
@misc{epic,
   title="{ePIC}",
   howpublished={\newline \url{https://www.pidconsortium.eu/}\EatDot}
   }
 
 @misc{doi,
   title="{Digital Object Identifier}",
   howpublished={\newline \url{http://www.doi.org/}\EatDot}
   }
   
@misc{invenio,
   title="{Invenio software}",
   howpublished={\newline \url{https://invenio-software.org/}\EatDot}
   }
   
@misc{ckan,
   title="{Comprehensive Knowledge Archive Network }",
   howpublished={\newline \url{https://ckan.org}\EatDot}
   }
   
@misc{data-model,
   title="{\ED Data Model}",
   howpublished={\newline \url{https://wiki.neic.no/wiki/EISCAT_3D_Data_Solutions#EISCAT_3D_Data_Model}\EatDot}
   }
   
@misc{drf,
   title="{DigitalRF}",
   howpublished={\newline \url{https://github.com/MITHaystack/digital_rf}\EatDot}
   }
   
@misc{oais,
   title="{Open Archival Reference Model}",
   howpublished={\newline \url{http://www.oais.info/}\EatDot}
   }

@misc{rucio,
   title="{Rucio: Scientific Data Management}",
   howpublished={\newline \url{https://rucio.cern.ch/}\EatDot}
   }

@misc{ibm-gpfs,
   title="{IBM General Parallel File System}",
   howpublished={\newline \url{https://www.ibm.com/support/knowledgecenter/en/SSFKCN/gpfs_welcome.html}\EatDot}
   }

@misc{lustre,
   title="{Lustre file system}",
   howpublished={\newline \url{http://lustre.org/}\EatDot}
   }
   
@misc{nvlink,
   title="{Nvidia NVLink}",
   howpublished={\newline \url{https://www.nvidia.com/en-us/data-center/nvlink/}\EatDot}
   }
   
@misc{e3dds-del1,
   title="{E3DDS Project: Deliverable 1}",
   howpublished={\newline \url{https://wiki.neic.no/wiki/EISCAT_3D_Data_Solutions#Deliverable_1}\EatDot}
   }

@misc{moon-gen,
   title="{MoonGen Packet Generator}",
   howpublished={\newline \url{https://github.com/emmericp/MoonGen}\EatDot}
   }
  
@misc{envri-fair,
   title="{ENVRI-FAIR}",
   howpublished={\newline \url{http://envri.eu/envri-fair/}\EatDot}
   }

@misc{skylake,
   title="{Intel Skylake CPU}",
   howpublished={\newline \url{https://en.wikipedia.org/wiki/Skylake_(microarchitecture)}\EatDot}
   }

@misc{eiscat-cp1,
   title="{EISCAT Radar scan patterns}",
   howpublished={\newline \url{https://www.eiscat.se/scientist/user-documentation/radar-scan-patterns/?highlight=cp-1}\EatDot}
   }

@misc{fs-prices,
   title="{FS.com networking equipment}",
   howpublished={\newline \url{https://www.fs.com/de/en/}\EatDot}
   }

@misc{mpi,
   title="{Message Passing Interface}",
   howpublished={\newline \url{https://www.mcs.anl.gov/research/projects/mpi/}\EatDot}
   }

@misc{fsru-tender,
   title="{EISCAT 3D FSRU Tender}",
   howpublished={\newline \url{https://www.eiscat.se/business/tenders/e3ds1-fsru/}\EatDot}
   }
   
@misc{assars-note,
   title="{Ongoing FIR filter testing}",
   howpublished={\newline \url{https://wiki.neic.no/int/E3DDSFIRfiltertesting}
   \EatDot}
   }
   
@misc{infiniband,
   title="{Infiniband Trade Association}",
   howpublished={\newline \url{https://www.infinibandta.org/}
   \EatDot}}

@misc{omnipath,
   title="{Omni-Path Architecture}",
   howpublished={\newline \url{https://en.wikipedia.org/wiki/Omni-Path}\EatDot}
   }
   
@misc{eros,
   author="{EISCAT Scientific Association}",
   title="{\ED Radar Control and Monitoring Subsystem Report}",
   howpublished={\newline \url{www.sgo.fi/~jussi/e3d/WP7/wp7_2/wp7_report.doc}\EatDot}}
}

@misc{rocket,
   title="{A rocket campaign}",
   howpublished={Should find some references}
}

@misc{envriplus,
   title="{ENVRI Plus project}",
   howpublished={\newline \url{https://www.envriplus.eu/}\EatDot}
}

@misc{esfri,
   title="{ESFRI Roadmap}",
   howpublished={\newline \url{http://www.esfri.eu/sites/default/files/20160309_ROADMAP_browsable.pdf}\EatDot}
}

@misc{ops-centre,
  title="{NeIC \ED support project Milestone MA-1, \\
          ``Requirements and their implications for EISCAT\_3D data handling and processing at the operations centre''}",
  howpublished={\newline \url{https://wiki.neic.no/w/ext/img_auth.php/3/33/Milestone-MA-1.pdf}\EatDot}
}

@misc{hdf,
  title="{HDF5 Data Format}",
  howpublished={\newline \url{https://www.hdfgroup.org/HDF5/}\EatDot}
}

@misc{cc-data-model,
  title="{EGI \ED Competence Centre project ``\ED Data Model''}",
  howpublished={\newline \url{https://wiki.egi.eu/wiki/Competence_centre_EISCAT_3D#Working_documents_for_portal_specification}\EatDot}}


@misc{eiscat-madrigal,
   title="{EISCAT Madrigal Portal}",
   howpublished={\newline \url{https://www.eiscat.se/madrigal}\EatDot}
}

@misc{e3ds-ma-2,
  title="{\ED Support Project MA-2 Document}", 
  howpublished={\newline \url{https://wiki.neic.no/w/ext/img_auth.php/9/96/MA-2-public.pdf}\EatDot}
}

@misc{eiscat-analysis-service,
  title="{EISCAT GUISDAP Interface}",
  howpublished={\newline \url{https://www.eiscat.se/scientist/user-documentation/guisdap-8-8/}\EatDot}
}

@misc{envri-curation,
  title="{ENVRI-Plus Curation definition}",
  howpublished={\newline \url{http://www.envriplus.eu/wp-content/uploads/2016/06}\\
                         \url{/A-consistent-characterisation-of-RIs.pdf}\EatDot}
}

@misc{techdescr,
  author="{EISCAT Scientific Association}",
  title="{\ED: The next generation international atmosphere and geospace research radar Technical Description}",
  howpublished={\newline \url{https://eiscat3d.se/content/eiscat3d-technical-description}\EatDot}
}

@misc{openstack,
  title="{OpenStack cloud operating system}",
  howpublished={\newline \url{https://www.openstack.org/}\EatDot}
}

@misc{apache-mesos,
  title="{Apache Mesos}",
  howpublished={\newline \url{http://mesos.apache.org/}\EatDot}
}

@misc{docker,
  title="{Docker software containerization platform}",
  howpublished={\newline \url{https://www.docker.com/}\EatDot}
}

@misc{singularity,
  title="{Singularity containers}",
  howpublished={\newline \url{http://singularity.lbl.gov/}\EatDot}
}

@misc{linux-containers,
  title="{Linux Containers}",
  howpublished={\newline \url{https://linuxcontainers.org/}\EatDot}
}

@misc{kubernetes,
  title="{Kubernetes (K8s)}",
  howpublished={\newline \url{https://kubernetes.io/}\EatDot}
}

@misc{neic-nt1,
  title="{NeIC Nordic Data Grid Facility}",
  howpublished={\newline \url{https://en.wikipedia.org/wiki/Nordic_Data_Grid_Facility}\EatDot}
}

@misc{r-lang,
  title="{R Language}",
  howpublished={\newline \url{https://www.r-project.org/}\EatDot}
}

@misc{dirac,
  title="{DIRAC Grid Interware}",
  howpublished={\newline \url{http://diracgrid.org}\EatDot}
}

@misc{b2safe,
  title="{EUDAT B2SAFE}",
  howpublished={\newline \url{https://www.eudat.eu/services/b2safe}\EatDot}
}

@misc{b2share,
  title="{EUDAT B2SHARE}",
  howpublished={\newline \url{https://www.eudat.eu/services/b2share}\EatDot}
}
@misc{onedata,
  title="{Indigo-Datacloud Onedata}",
  howpublished={\newline \url{https://www.gitbook.com/book/indigo-dc/onedata-documentation-indigo-dc/details}\EatDot}
}

@misc{edugain,
  title="{GEANT project, EduGAIN}",
  howpublished={\newline \url{http://www.geant.org/Services/Trust_identity_and_security/eduGAIN}\EatDot}
}

@misc{dcache,
  title="{dCache Data Management system}",
  howpublished={\newline \url{https://www.dcache.org/}\EatDot}
}

@article{ilkka-software,
        author = "{I.\ Virtanen, D. McKay-Bukowski, J. Vierinen, A. Aikio, R. Fallows, and L. Roininen}",
        title = "{\newline Plasma parameter estimation from multistatic, multibeam incoherent scatter data}",
        journal = "{\newline J. Geophys. Res. Space Physics}",
        volume = "119",
        number = "10",
        year = "2014"
}

@misc{oai-pmh,
  title="{The Open Archives Initiative Protocol for Metadata Harvesting}",
  howpublished={\newline \url{http://www.openarchives.org/OAI/2.0/openarchivesprotocol.htm}\EatDot},
  note="Accessed 13 Jan 2020"
}

